
@book{1,
title = {Совершенный код. Мастер-класс}, 
author = {С. Макконнелл},
year = {2005},
pages = {896},
language = "Русский",
publisher = {Издательско-торговый дом "Русская редакция"},
address = "Санкт-Петергбург",
} 


@article{3,
  author   = "L. Moonen",
  title    = "A Generic Architecture for Data Flow Analysis to Support Reverse Engineering",
  journal  = "",
  year     = 1997,
  volume   = "",
  number   = "",
  pages    = "",
  hyphenation = {english}
}

@article{4,
  author   = "S. C. Misra and V. C. Bhavsar",
  title    = "Relationships between selected software measures and latent bug-density: Guidelines for improving quality",
  journal  = "Computational Science and Its Applications",
  year     = 2003,
  volume   = "",
  number   = "",
  pages    = "724--732",
  hyphenation = {english}
}

@book{5,
title = {Технологии разработки программного обеспечения}, 
author = {С. А. Орлов},
year = {2002},
pages = {464},
language = "Русский",
publisher = {Питер},
address = "Москва",
} 


@book{6,
title = {Информационные технологии. Разработка информационных моделей и систем. Учебное пособие}, 
author = {А. В. Затонский},
year = {2014},
pages = {344},
language = "Русский",
publisher = {Инфра-М},
address = "Москва",
}

@book{7,
title = {Искусство верстки в LATEX’e}, 
author = {А. И. Роженко},
year = {2005},
pages = {398},
language = "Русский",
publisher = {ИВМиМГ СО РАН},
address = "Новосибирск",
}


@book{8,
title = {Компьютерная типография LATEX}, 
author = {Е. М. Балдин},
year = {2008},
pages = {304},
language = "Русский",
publisher = {БХВПетербург},
address = "Санкт-Петербург",
}

@book{9,
title = {TEX для всех: Оформление учебных и научных работ в системе LATEX}, 
author = {С. Н. Беляков and В. Н. Палош and П. А. Садовский},
year = {2009},
pages = {208},
language = "Русский",
publisher = {Книжный дом «ЛИБРОКОМ»},
address = "Москва",
}


@book{10,
title = {Компьютерные шрифты}, 
author = {Ю. Ярмола},
year = {1994},
pages = {208},
language = "Русский",
publisher = {BHV},
address = "Санкт-Петербург",
}


@book{11,
title = {Методы оценки несоответствия средств защиты информации}, 
author = {А. С. Марков and В. Л. Цирлов},
year = {2012},
pages = {192},
language = "Русский",
publisher = {Радио и связь},
address = "Москва",
} 
 

@article{12,
  author   = "T. Kremenek and D. Engler",
  title    = "Z-ranking: Using statistical analysis to counter the impact of static analysis approximations",
  journal  = "Static Analysis",
  year     = 2003,
  volume   = "",
  number   = "",
  pages    = "295--315",
  hyphenation = {english}
}

@article{13,
  author   = "В. Н. Игнатьев",
  title    = "Использование легковесного статического анализа для проверки настраиваемых семантических ограничений языка программирования",
  journal  = "Труды ИСП РАН",
  year     = 2012,
  volume   = "",
  number   = "22",
  pages    = "169--188",
  hyphenation = {russia}
} 

@article{14,
  author   = "В. П. Иванников and А. А. Белеванцев and А. Е. Бородин and В. Н. Игнатьев,",
  title    = "Статический анализатор Svace для поиска дефектов в исходном коде программ",
  journal  = "Труды ИСП РАН",
  year     = 2014,
  volume   = "",
  number   = "26",
  pages    = "231--250",
  hyphenation = {russia}
}


@article{15,
  author   = "А. И. Аветисян and А. Е. Бородин",
  title    = "Механизмы расширения системы статического анализа Svace детекторами новых видов уязвимостей и критических ошибок",
  journal  = "Труды ИСП РАН",
  year     = 2011,
  volume   = "",
  number   = "21",
  pages    = "39--54",
  hyphenation = {russia}
}
 

@article{16,
  author   = "А. И. Аветисян and А. Е. Бородин",
  title    = "Использование статического анализа для поиска уязвимостей и критических ошибок в исходном коде программ.",
  journal  = "Труды ИСП РАН",
  year     = 2011,
  volume   = "",
  number   = "21",
  pages    = "23--38",
  hyphenation = {russia}
}

@article{17,
  author   = "M. Shapiro and S. Horwitz",
  title    = "Fast and accurate flow-insensitive points-to analysis",
  journal  = "Proceedings of the 24th ACM SIGPLAN-SIGACT symposium on Principles of programming languages",
  year     = 1997,
  volume   = "",
  number   = "",
  pages    = "1--14",
  hyphenation = {english}
}


@article{18,
  author   = "L. De Moura and N. Bjørner",
  title    = "Z3: An efficient SMT solver",
  journal  = "Tools and Algorithms for the Construction and Analysis of Systems",
  year     = 2008,
  volume   = "",
  number   = "",
  pages    = "337--340",
  hyphenation = {english}
}

@book{19,
title = {Все про TEX}, 
author = {Е. Дональд},
year = {1993},
pages = {575},
language = "Русский",
publisher = {АО RDTEX},
address = "Протвино",
} 

@book{20,
title = {Набор и верстка в пакете LATEX}, 
author = {С. М. Львовский},
year = {2014},
pages = {398},
language = "Русский",
publisher = {МЦНМО},
address = "Москва",
}


@book{21,
title = {Настольная издательская система LATEX 2ε по-русски}, 
author = {И. Котельников and П. Чеботаев},
year = {2004},
pages = {496},
language = "Русский",
publisher = {Сибирский хронограф},
address = "Новосибирск",
}

@book{22,
title = {Путеводитель по
пакету LATEX и его расширению LATEX 2ε}, 
author = {М. Гуссенс and Ф. Миттельбах},
year = {1999},
pages = {606},
language = "Русский",
publisher = {Мир},
address = "Москва",
}


@book{23,
title = {Путеводитель по пакету LATEX и его webприложениям}, 
author = {М. Гуссенс and С. Ратц},
year = {2001},
pages = {604},
language = "Русский",
publisher = {Мир},
address = "Москва",
}

@book{24,
title = {Путеводитель по пакету LATEX и его графическим расширениям}, 
author = {М. Гуссенс and С. Ратц},
year = {2002},
pages = {398},
language = "Русский",
publisher = {Мир},
address = "Москва",
}


@book{25,
title = {Первые шаги в LATEX’e}, 
author = {Г. Грэтцер},
year = {2000},
pages = {172},
language = "Русский",
publisher = {Мир},
address = "Москва",
}


