@book{RealtimeWebAppPhp,
    title = {Realtime Web Apps: With HTML5 WebSocket, PHP, and jQuery by Jason Lengstorf}, 
    author = {Jason Lengstorf},
    year = {2013},
    pages = {312},
    publisher = {Springer-Verlag Berlin and Heidelberg GmbH \& Co. KG},
    address = "Berlin",
    hyphenation = {english}
}

@book{RealTimeCommunicationBase,
    address = {Upper Saddle River, NJ},
    author = {Liu, Jane W. S.},
    publisher = {Prentice Hall},
    title = {Real-Time Systems},
    year = {2000},
    hyphenation = {english}
}

@inproceedings{RealTimeCommunicationBaseTwo,
    author = {Nieh, Jason and Lam, Monica},
    year = {1997},
    month = {01},
    pages = {184-197},
    title = {The Design, Implementation and Evaluation of SMART: A Scheduler for Multimedia Applications.}
}

@article{IntroRealTimeEthrenet,
    title={Introduction to Real-Time Ethernet I},
    author={Doyle, Paula},
    journal={Contemporary Control Systems},
    year = {2004},
    month = {05--06},
    volume={5},
    pages={1--4},
    hyphenation = {english}
}

@article{HttpMain,
    author = {Fielding, Group and Mogul, Jeffrey and Nielsen, Henrik and Masinter, Larry and Leach, Paul},
    year = {2000},
    month = {03},
    title = {Hypertext Transfer Protocol -- HTTP/1.1},
    journal = {Internet RFCs},
    hyphenation = {english}
}

@article{HttpPolling,
    author = {Pimentel, Victoria and Nickerson, Bradford},
    year = {2012},
    month = {07},
    pages = {45-53},
    title = {Communicating and Displaying Real-Time Data with WebSocket},
    volume = {16},
    journal = {Internet Computing, IEEE},
    hyphenation = {english}
}

@article{HttpLongPolling,
    author = {Qigang, Liu and Sun, Xiangyang},
    year = {2012},
    month = {01},
    pages = {797-801},
    title = {Research of Web Real-Time Communication Based on Web Socket},
    volume = {05},
    journal = {International Journal of Communications, Network and System Sciences},
    hyphenation = {english}
}

@article{RealTimeWebAppWsNodejs,
    author = {Zhao, Shu and Xia, Xiao and Le, Jia},
    year = {2013},
    month = {09},
    pages = {1111-1115},
    title = {A Real-Time Web Application Solution Based on Node.js and WebSocket},
    volume = {816-817},
    journal = {Advanced Materials Research},
    hyphenation = {english}
}

@manual{rfc6455,
    publisher={RFC Editor},
    author={Alexey Melnikov and Ian Fette},
    title={The WebSocket Protocol},
    pages={71},
    year={2011},
    month = {12}
}

@article{WebRTCStandardization,
    author = {Loreto, Salvatore and Romano, Simon Pietro},
    year = {2012},
    month = {09},
    pages = {68-73},
    title = {Real-Time Communications in the Web: Issues, Achievements, and Ongoing Standardization Efforts},
    volume = {16},
    journal = {Internet Computing, IEEE},
    hyphenation = {english}
}

@manual{rfc8835,
    publisher={RFC Editor},
    author={Harald T. Alvestrand},
    title={Transports for WebRTC},
    pages={13},
    year={2021},
    month = {01}
}

@article{WebRTCCongestion,
  author={Carlucci, Gaetano and De Cicco, Luca and Holmer, Stefan and Mascolo, Saverio},
  journal={IEEE/ACM Transactions on Networking}, 
  title={Congestion Control for Web Real-Time Communication}, 
  year={2017},
  volume={25},
  number={5},
  pages={2629-2642},
  hyphenation = {english}
}

@article{WebRTCSCTP,
  author={Carlucci, Gaetano and De Cicco, Luca and Holmer, Stefan and Mascolo, Saverio},
  journal={IEEE/ACM Transactions on Networking}, 
  title={Congestion Control for Web Real-Time Communication}, 
  year={2017},
  volume={25},
  number={5},
  pages={2629-2642},
  hyphenation = {english}
}

@article{WebRTCSCTP,
    author = {Johnston, Alan and Yoakum, John and Singh, Kundan},
    year = {2013},
    month = {04},
    pages = {48-54},
    title = {Taking on WebRTC in an Enterprise},
    volume = {51},
    journal = {Communications Magazine, IEEE},
    hyphenation = {english}
}

@manual{rfc9000,
    publisher={RFC Editor},
    author={Jana Iyengar and Martin Thomson},
    title={QUIC: A UDP-Based Multiplexed and Secure Transport},
    pages={151},
    year={2021},
    month = {05}
}

@manual{rfc9114,
    publisher={RFC Editor},
    author={Mike Bishop},
    title={HTTP/3},
    pages={57},
    year={2022},
    month = {06}
}

@article{WebTransport,
    author = {Kosek, Mike and Shreedhar, Tanya and Bajpai, Vaibhav},
    year = {2021},
    month = {04},
    pages = {24-29},
    title = {Beyond QUIC v1: A First Look at Recent Transport Layer IETF Standardization Efforts},
    volume = {59},
    journal = {IEEE Communications Magazine},
    hyphenation = {english}
}

@manual{WebTransportW3C,
    publisher={W3C},
    author={Bernard Aboba and Victor Vasiliev and Yutaka Hirano},
    title={WebTransport},
    pages={64},
    year={2022},
    month = {06}
}

@article{DevOps,
    author = {Ogala, Justin},
    year = {2022},
    month = {02},
    pages = {8},
    title = {A Complete Guide to DevOps Best Practices},
    volume = {20},
    journal = {International Journal of Computer Science and Information Security (IJCSIS},
    hyphenation = {english}
}

@article{Docker,
    author = {Alsaffar, Awse and Abdulqader, Ayad},
    year = {2022},
    month = {11},
    pages = {13},
    title = {A Lightweight Portable Multithreaded Client-Server Docker Containers},
    volume = {4},
    journal = {Technium: Romanian Journal of Applied Sciences and Technology},
    hyphenation = {english}
}

@book{Nestjs,
    title = {Nest.js: A Progressive Node.js Framework}, 
    author={Bell, J. and Magolan, G. and Housley, P. and De Peretti, A. and Guijarro, D. and Safari, an O'Reilly Media Company},
    year = {2018},
    pages = {317},
    publisher={Bleeding Edge Press},
    hyphenation = {english}
}

@book{Mongo,
  title={MongoDB: The Definitive Guide},
  author={Chodorow, K.},
  year={2013},
  pages={409},
  publisher={O'Reilly},
  hyphenation = {english}
}

@article{SPA,
    author = {Miu, Anson and Ferreira, Francisco and Yoshida, Nobuko and Zhou, Fangyi},
    year = {2020},
    month = {04},
    pages = {12-22},
    title = {Generating Interactive WebSocket Applications in TypeScript},
    volume = {314},
    journal = {Electronic Proceedings in Theoretical Computer Science},
    hyphenation = {english}
},

@inbook{vuelayout,
    author = {Nelson, Brett},
    year = {2018},
    pages = {69-84},
    title = {Events: Learn to Build Single Page Applications in Vue from Scratch},
    publisher = {Apress},
    address = "New York",
    hyphenation = {english}
}

@article{vuejsrouter,
    author = {Gavrila, Veronica and Bajenaru, Lidia and Dobre, Ciprian},
    year = {2019},
    pages = {231--238},
    title = {Modern Single Page Application Architecture: A Case Study},
    volume = {28},
    journal = {Studies in Informatics and Control}
}

@book{Figma,
    title = {Designing and Prototyping Interfaces with Figma: Learn essential UX/UI design principles by creating interactive prototypes for mobile, tablet, and desktop}, 
    author={Fabio Staiano},
    year = {2022},
    pages = {382},
    publisher={Packt Publishing},
    hyphenation = {english}
}