@book{1,
title = {Машинное обучение}, 
author = {Х. Бринк and Д. Ричардс and М. Феверолф},
year = {2017},
pages = {336},
language = "Русский",
publisher = {Питер},
address = "Санкт-Петербург",
} 

@book{2,
title = {Машинное обучение без лишних слов}, 
author = {А. Бурков},
year = {2020},
pages = {192},
language = "Русский",
publisher = {Питер},
address = "Санкт-Петербург",
} 

@book{3,
title = {Математические основы теории машинного обучения и прогнозирования},
author = {В.В. Вьюгин},
year = {2013},
pages = {387},
language = "Русский",
address = "Москва",
} 

@book{4,
title = {Python и анализ данных}, 
author = {У. Маккинли},
year = {2012},
pages = {482},
language = "Русский",
publisher = {ДМК Пресс},
address = "Москва",
} 

@book{5,
title = {Самообучающиеся системы}, 
author = {С. И. Николенко and А. Л. Тулупьев},
year = {2009},
pages = {288},
language = "Русский",
publisher = {МЦНМО},
address = "Москва",
} 

@book{6,
title = {Машинное обучение и TensorFlow}, 
author = {Ш. Нишант},
year = {2019},
pages = {336},
language = "Русский",
publisher = {Питер},
address = "Санкт-Петербург",
} 

@book{7,
title = {Проблемы анализа работоспособности нейронных сетей}, 
author = {Ю. С. Москаленко},
year = {2006},
pages = {93},
language = "Русский",
publisher = {Дальневосточный федеральный университет},
address = "Владивосток",
} 

@book{8,
title = {Искусственный интеллект: современный подход}, 
author = {П. Норвиг and С. Рассед},
year = {2016},
pages = {1408},
language = "Русский",
publisher = {"И.Д. Вильямс"},
address = "Москва",
} 

@book{9,
title = {Python и машинное обучение}, 
author = {С. Рашка},
year = {2017},
pages = {418},
language = "Русский",
publisher = {ДМК Пресс},
address = "Москва",
} 

@book{10,
title = {Машинное обучение и безопасность}, 
author = {К. Чио and Д. Фримэн},
year = {2020},
pages = {388},
language = "Русский",
publisher = {ДМК Пресс},
address = "Москва",
} 

@book{11,
title = {Глубокое обучение на Python}, 
author = {Ф. Шолле},
year = {2018},
pages = {400},
language = "Русский",
publisher = {Питер},
address = "Санкт-Петербург",
}

@book{12,
title = {Bayesian Reasoning and Machine Learning}, 
author = {D. Barber},
year = {2010},
pages = {610},
language = "Английсикй",
publisher = {DRAFT},
}

@book{13,
title = {Information Theory, Inference, and Learning Algorithms}, 
author = {J. David},
year = {2005},
pages = {640},
language = "Английсикй",
publisher = {Cambridge University Press},
}

@book{14,
title = {Applied Predictive Modeling}, 
author = {M. Kuhn and K. Johnson},
year = {2013},
pages = {600},
language = "Английсикй",
publisher = {Springer},
}

@book{15,
title = {Introduction to machine learning}, 
author = {J. Nilsson},
year = {1998},
pages = {188},
language = "Английсикй",
publisher = {Stanford University},
}


@book{16,
title = {Neural Networks: A Systematic Introduction}, 
author = {R. Rojas and J. Feldman},
year = {1996},
pages = {522},
language = "Английсикй",
publisher = {Springer},
} 

@book{17,
title = {Hands-On Machine Learning with Scikit-Learn and TensorFlow: Concepts, Tools, and Techniques to Build Intelligent Systems}, 
author = {A. Geron},
year = {2017},
pages = {574},
language = "Английсикй",
publisher = {O'Reilly Media},
} 


@book{18,
title = {Neural Networks and Learning Machines}, 
author = {S. Haykin},
year = {2011},
pages = {936},
language = "Английсикй",
publisher = {Prentice hall},
} 


@book{19,
title = {An Introduction to Statistical Learning}, 
author = {G. James and D. Witten and T. Hastie and R. Tibshirani},
year = {2021},
pages = {622},
language = "Английсикй",
publisher = {Springer},
} 


@book{20,
title = {Deep Learning (Adaptive Computation and Machine Learning series)}, 
author = {I. Goodfellow and Y. Bengio and A. Courville},
year = {2016},
pages = {800},
language = "Английсикй",
publisher = {The MIT Press},
} 

@book{21,
title = {Pattern Recognition and Machine Learning}, 
author = {C. Bishop},
year = {2006},
pages = {738},
language = "Английсикй",
publisher = {Springer},
} 

@book{22,
title = {Neural Networks for Applied Sciences and Engineering: From Fundamentals to Complex Pattern Recognition}, 
author = {S. Samarasinghe},
year = {2006},
pages = {570},
language = "Английсикй",
publisher = {Auerbach Publications},
} 

@book{23,
title = {Improving neural networks by preventing co-adaptation of feature detectors}, 
author = {G. Hinton and N. Srivastava and A. Krizhevsky and I. Sutskever},
year = {2012},
pages = {18},
language = "Английсикй",
publisher = {University of Toronto},
} 

@book{24,
title = {Deep Neural Networks are Easily Fooled: High Confidence Predictions for Unrecognizable Images}, 
author = {A. Nguyen and J. Yosinski},
year = {2015},
pages = {20},
language = "Английсикй",
publisher = {University of Wyoming},
} 

@book{25,
title = {Programming Collective Intelligence}, 
author = {T. Segaran},
year = {2011},
pages = {384},
language = "Английсикй",
publisher = {Shroff},
}
@article{26,
author = "T. Halgren",
title = "Merck Molecular Force Field: I. Basis, Form, Scope, Parameterization and Performance of MMFF94",
journal = "Journal of Computational Chemistry",
year = 1996,
number = "17",
pages = "490--519",

language = "Английсикй",
}
@article{27,
author = "T. Halgren",
title = "Merck Molecular Force Field: VI. MMFF94s Option for Energy Minimization Studies",
journal = "Journal of Computational Chemistry",
year = 1999,
number = "20",
pages = "720--729",
language = "Английсикй",
}
@article{28,
author = "Kim and Sunghwan and E.E. Bolton and S.H. Bryant",
title = "PubChem3D: Shape Compatibility Filtering Using Molecular Shape Quadrupoles.",
journal = "Journal of Cheminformatics",
year = 2011,
number = "3",
pages = "25",
language = "Английсикий",
}
@article{29,
author = "B. Himmetoglu",
title = "Tree based machine learning framework for predicting ground state energies of molecules",
journal = "The Journal of Physical Chemistry A",
year = 2016,
volume = "145",
number = "",
language = "Английсикй",
pages = "0-145",
}

@article{30,
author = "M. Rupp and R. Ramakrishnan and A. von Lilienfeld",
title = "Machine Learning for Quantum Mechanical Properties of Atoms in Molecules",
journal = "Journal of Physical Chemistry Letters",
year = 2015,
volume = "",
number = "16",
pages = "3309–3313",
language = "Английсикй",
}

@article{31,
author = "G. Montavon and M. Rupp and V. Gobre and A. Vazquez-Mayagoitia and K. Hansen and A. Tkatchenko, K.R. Müller and A. von Lilienfeld",
title = "Machine learning of molecular electronic properties in chemical compound space",
journal = "New Journal of Physics",
year = 2013,
volume = "",
number = "9",
language = "Английсикй",
pages = "3309–3313",
}
@article{32,
author = "K. Hansen and G. Montavon and F. Biegler and S. Fazli and M. Rupp and M. Scheffler and A. von Lilienfeld and A. Tkatchenko and K.P. Müller",
title = "Assessment and Validation of Machine Learning Methods for Predicting Molecular Atomization Energies",
journal = "Journal of Chemical Theory and Computation",
year = 2013,
volume = "",
number = "8",
language = "Английсикй",
pages = "3543–3556",
}
