
%% НЕ ?????
@book{book:NOTUSEDSTILL,
   title = {Kickstart Modern Android Development with Jetpack and Kotlin: Enhance your applications by integrating Jetpack and applying modern app architectural concepts},
   author = {Catalin Ghita},
   publisher = {Packt Publishing},
   year = {2022},
   pages = {472}
}

%% НЕ ????
@book{book:Apprentice,
   title =     {Android Apprentice (Fourth Edition): Beginning Android Development with Kotlin},
   author =    {Namrata Bandekar; Darryl Bayliss; Fuad Kamal},
   publisher = {},
   year =      {2021},
   edition =   {4},
   pages =     {744}
}

% Используется
@book{book:flow,%
   title =     {Simplifying Android Development with Coroutines and Flows: Learn how to use Kotlin coroutines and the flow API to handle data streams asynchronously in your Android app},
   author =    {Jomar Tigcal},
   publisher = {Packt Publishing - ebooks Account},
   year =      {2022},
   pages =     {165},
}

@book{book:1, %
   title =     {Программирование для Android 5. Самоучитель},
   author =    {Денис Колисниченко},
   publisher = {БХВ-Петербург},
   year =      {2015},
   pages =     {704},
   hyphenation = {russian}
}

@book{book:shrdflow, %
   title =     {Kotlin Coroutines by Tutorials},
   author =    {Filip Babić, Luka Kordić and Nishant Srivastava},
   publisher = {raywenderlich.com},
   pages =      {287},
   year =      {2022},
   edition =   {3},
   hyphenation = {english}
}

@Book{book:dataStore, %
  author    = {Jennifer Baileya and Dean Djermanović and Aldo Olivares Dominguez and Fuad Kamal and Subhrajyoti Sen and Harun Wangereka},
  date      = {},
  title     = {Saving Data on Android},
  edition   = {},
  pages     = {323},
  publisher = {Razeware},
  year      = {2021},
  hyphenation = {english}
}
 
@book{book:ROOM, %
   title =     {Elements of Android Room Version 0.9},
   author =    {Mark L. Murphy},
   publisher = {CommonsWare},
   year =      {2021},
   pages = {265}
}