@article{Motova,
  title={От теории колебаний - к нелинейной динамике},
  author={М.И. Мотова and В.Д. Шалфеев},
  journal={Изв. вузов ПИД},
  year={2014},
  volume={22},
  pages={93-103}
}

@article{6389954,
author={Xiaocheng and Shi and Tianping and Zhang and Yang and Yi},
journal ={Proceedings of the 31st Chinese control conference 25~July--27~July 2012},
title={Adaptive dynamic surface control for perturbed nonlinear systems},
address = {Hefei, China},
volume={},
number={},
pages={349-354},
hyphenation = {english}
}

@Book{Tihomirov,
  author    = {В.В. Тихомиров and С.И. Злочевский},
  year      = {2018},
  title     = {Релейная австоколебательная система},
  address   = {Москва},
  pages     = {18},
  publisher = {Московский государственный университет имени М.В. Ломоносова},
  
}

@article{578556,
  author={Zlateva, P.},
  journal ={Proceedings. 1996 IEEE international workshop on variable structure systems 5~Dec.--6~Dec. 1996}, 
  title={Variable structure control design for a class of nonlinear uncertain processes},
  pages={61-66},
  address   = {Tokyo, Japan},
  hyphenation = {english},
  
}

@article{4412471,
  author={Lebedev, Alexander V. and Filaretov, Vladimir F.},
  journal={2007 IEEE/ASME international conference on advanced intelligent mechatronics 4~Sep.--7~Sep. 2007}, 
  title={Synthesis of variable structure system for the complex dynamic object}, 
  volume={},
  number={},
  pages={1-5},
  address = {Zurich, Switzerland},
  hyphenation = {english}
}

@article{5498611,
  author={Qing Gu and Tao Tang and Yongduan Song},
  journal ={2010 Chinese control and decision conference 26~May--28~May 2010}, 
  title={Smooth variable structure control of train systems}, 
  volume={12},
  number={},
  pages={3239-3244},
  address = {Xuzhou},
  hyphenation = {english}
}


@ARTICLE{1,
  author={Morgan, R. and Ozguner, U.},
  journal={IEEE Journal on robotics and automation}, 
  title={A decentralized variable structure control algorithm for robotic manipulators}, 
  year={1985},
  volume={1},
  number={1},
  pages={57-65},
  hyphenation = {english}
}

@ARTICLE{2,
  author={Bhatti, A. I. and Spurgeon, S. K. and Dorey, R.},
  journal ={1997 European control conference (ECC) 1~July--7~July 1997}, 
  title={Robust nonlinear control of an automotive engine}, 

  volume={4},
  number={},
  pages={856-861},
  address = {Brussels, Belgium},
  hyphenation = {english}
}

@ARTICLE{3,
  author={Yang, Yun and Mok, Kwan-Tat and Tan, Siew-Chong and Hui, S. Y. R.},
  journal ={2014 IEEE 5th international symposium on power electronics for distributed generation systems (PEDG) 24~June--27~June 2014}, 
  title={Low-power wind energy conversion system with variable structure control for DC grids}, 

  volume={},
  number={},
  pages={1-6},
  address = {Galway, Ireland},
  hyphenation = {english}
}

@ARTICLE{4,
  author={Serry, M.Y. and Raboud, D.W. and Moussa, W.A.},
  journal={Proceedings international conference on MEMS, NANO and smart systems 27~June 2003}, 
  title={Finite-element modeling of shape memory alloy components in smart structures, part I: Non-linear coupled field finite element procedure}, 
  volume={},
  number={},
  pages={15-21},
  address = {Banff, AB, Canada},
  hyphenation = {english}
}

@ARTICLE{5,
  author={Emelyanov, S.V.},
  journal ={Proceedings of the 28th IEEE conference on decision and control 10~Sep. 1989}, 
  title={Variable structure systems and binary control}, 
  volume={3},
  number={},
  pages={2196-2198},
  address = {St. Petersburg, Russia},
  hyphenation = {english}
}

@ARTICLE{6,
  author={Fernandes, A.A.},
  journal ={2007 IEEE International conference on control applications 27~June--29~June 2007}, 
  title={Series compensation using variable structure and lyapunov function controls for stabilization multimachine power system}, 
  volume={10},
  number={},
  pages={1-6},
  address = {Athens, Greece},
  hyphenation = {english}
}

@ARTICLE{7,
  author={Yaodong Pan and Furuta, K.},
  journal = {International workshop on variable structure systems, 5~June--7~June 2006 }, 
  title={Variable structure control with sliding sector for hybrid systems}, 
  volume={},
  number={},
  pages={286-291},
  address = {Alghero, Italy},
  hyphenation = {english}
}

@ARTICLE{8,
  author={},
  journal={IEEE draft P802.3bf/D3.2, March 2011 (draft amendment to IEEE std 802.3-2008)}, 
  title={IEEE draft standard for information technology--telecommunications and information exchange between systems--local and metropolitan area networks--specific requirements Part 3: carrier sense multiple access with collision detection (CSMA/CD) access method and physical layer specifications amendment: media access control (MAC) service interface and management parameters to support time synchronization protocols}, 
  year={2011},
  volume={},
  number={},
  pages={1-47},
  hyphenation = {english}
}

@ARTICLE{9,
  author={Yongfang, Xie and Can, Huang and Weihua, Gui and Zhaohui, Jiang and Chunhua, Yang},
  journal = {2007 Chinese control conference 26~July--31~July 2007}, 
  title={Decentralized robust H∞ output feedback control for value bounded uncertain large-scale interconnected systems}, 
  volume={6},
  number={},
  pages={583-589},
  address = {Zhangjiajie, China},
  hyphenation = {english}
}

@ARTICLE{10,
  author={Yang, Yi-Han and Lin, Cheng-Han and Li, Tien-Sheng and Chen, Yaow-Ming},
  journal={2021 IEEE international future energy electronics conference (IFEEC) 16~Nov.--19~Nov. 2021}, 
  title={Motor state augmented full-state feedback DC-link voltage control for two-stage PMSM drive}, 
  volume={},
  number={},
  pages={1-7},
  address = {Taipei, Taiwan},
  hyphenation = {english}
}

@ARTICLE{11,
  author={Guo, Xin and Li, Wei-Peng and Pan, Yuan and Liu, Jun},
  journal={2022 International electronics symposium (IES) 9~Aug.--10~Aug. 2022}, 
  title={A novel power switching control method of the wind power MPPT system based on the switching system theory}, 
  volume={},
  number={},
  pages={79-84},
  address = {Surabaya, Indonesia},
  hyphenation = {english}
}

@ARTICLE{12,
  author={Benomair, A. M. and Bashir, F. A. and Tokhi, M. O.},
  journal={2015 20th International conference on methods and models in automation and robotics (MMAR) 24~Aug.--27~Aug. 2015}, 
  title={Optimal control based LQR-feedback linearisation for magnetic levitation using improved spiral dynamic algorithm}, 
  volume={},
  number={},
  pages={558-562},
  address = {Miedzyzdroje, Poland},
  hyphenation = {english}
}

@ARTICLE{13,
  author={Xuehui Chen and Liang Wei and Jizhe Sui and Xiaoliang Zhang and Liancun Zheng},
  journal={2011 International conference on multimedia technology 26~July--28~July 2011}, 
  title={Solving fractional partial differential equations in fluid mechanics by generalized differential transform method}, 
  volume={},
  number={},
  pages={2573-2576},
  address = {Hangzhou},
  hyphenation = {english}
}

@ARTICLE{14,
  author={Allamehzadeh, H.},
  journal={2006 IEEE international conference on fuzzy systems 16~July--21~July 2006}, 
  title={Sliding mode fuzzy control with optimal rule table}, 
  volume={},
  number={},
  pages={2048-2055},
  address = {Vancouver, BC, Canada},
  hyphenation = {english}
}

@ARTICLE{15,
  author={Soto-Cota, A. and Loukianov, A.G. and Canedo, J.M. and Fridman, L.M.},
  journal={42nd IEEE international conference on decision and control}, 
  title={Variable structure control of synchronous generator: singularly perturbed analysis}, 
  year={2003},
  volume={4},
  number={},
  pages={3513-3518},
  hyphenation = {english}
}

 @ARTICLE{8604443,
  author={Nasyrov, I. K. and Andreev, V. V.},
  journal={2018 wave electronics and its application in information and telecommunication systems (WECONF) 26~Nov.--30~Nov. 2018}, 
  title={Optimal receiving and estimation parameters of pseudorandom signals of nonlinear dynamical systems}, 
  volume={},
  number={},
  pages={1-4},
  address = {St. Petersburg, Russia},
  hyphenation = {english}
}

