@book{1,
title = {Машинное обучение}, 
author = {Х. Бринк and Д. Ричардс and М. Феверолф},
year = {2017},
pages = {336},
language = "Русский",
publisher = {Питер},
address = "Санкт-Петербург",
} 

@book{2,
title = {Машинное обучение без лишних слов}, 
author = {А. Бурков},
year = {2020},
pages = {192},
language = "Русский",
publisher = {Питер},
address = "Санкт-Петербург",
} 

@book{3,
title = {Математические основы теории машинного обучения и прогнозирования},
author = {В.В. Вьюгин},
year = {2013},
pages = {387},
language = "Русский",
address = "Москва",
} 

@book{4,
title = {Python и анализ данных}, 
author = {У. Маккинли},
year = {2012},
pages = {482},
language = "Русский",
publisher = {ДМК Пресс},
address = "Москва",
} 

@book{5,
title = {Самообучающиеся системы}, 
author = {С. И. Николенко and А. Л. Тулупьев},
year = {2009},
pages = {288},
language = "Русский",
publisher = {МЦНМО},
address = "Москва",
} 

@book{6,
title = {Машинное обучение и TensorFlow}, 
author = {Ш. Нишант},
year = {2019},
pages = {336},
language = "Русский",
publisher = {Питер},
address = "Санкт-Петербург",
} 

@book{7,
title = {Проблемы анализа работоспособности нейронных сетей}, 
author = {Ю. С. Москаленко},
year = {2006},
pages = {93},
language = "Русский",
publisher = {Дальневосточный федеральный университет},
address = "Владивосток",
} 

@book{8,
title = {Искусственный интеллект: современный подход}, 
author = {П. Норвиг and С. Рассед},
year = {2016},
pages = {1408},
language = "Русский",
publisher = {000"И.Д. Вильямс"},
address = "Москва",
} 

@book{9,
title = {Python и машинное обучение}, 
author = {С. Рашка},
year = {2017},
pages = {418},
language = "Русский",
publisher = {ДМК Пресс},
address = "Москва",
} 

@book{10,
title = {Машинное обучение и безопасность}, 
author = {К. Чио and Д. Фримэн},
year = {2020},
pages = {388},
language = "Русский",
publisher = {ДМК Пресс},
address = "Москва",
} 

@book{11,
title = {Глубокое обучение на Python}, 
author = {Ф. Шолле},
year = {2018},
pages = {400},
language = "Русский",
publisher = {Питер},
address = "Санкт-Петербург",
} 

@book{12,
title = {Программирование компьютерного зрения на языке Python}, 
author = {Я. Солем},
year = {2016},
pages = {314},
language = "Русский",
publisher = {ДМК Пресс},
address = "Москва",
} 

@book{13,
title = {Bayesian Reasoning and Machine Learning}, 
author = {D. Barber},
year = {2010},
pages = {610},
language = "Английсикй",
publisher = {DRAFT},
}

@book{14,
title = {Information Theory, Inference, and Learning Algorithms}, 
author = {J. David},
year = {2005},
pages = {640},
language = "Английсикй",
publisher = {Cambridge University Press},
}

@book{15,
title = {Applied Predictive Modeling}, 
author = {M. Kuhn and K. Johnson},
year = {2013},
pages = {600},
language = "Английсикй",
publisher = {Springer},
}

@book{16,
title = {Introduction to machine learning}, 
author = {J. Nilsson},
year = {1998},
pages = {188},
language = "Английсикй",
publisher = {Stanford University},
}


@book{17,
title = {Neural Networks: A Systematic Introduction}, 
author = {R. Rojas and J. Feldman},
year = {1996},
pages = {522},
language = "Английсикй",
publisher = {Springer},
} 

@book{18,
title = {Hands-On Machine Learning with Scikit-Learn and TensorFlow: Concepts, Tools, and Techniques to Build Intelligent Systems}, 
author = {A. Geron},
year = {2017},
pages = {574},
language = "Английсикй",
publisher = {O'Reilly Media},
} 


@book{19,
title = {Neural Networks and Learning Machines}, 
author = {S. Haykin},
year = {2011},
pages = {936},
language = "Английсикй",
publisher = {Prentice hall},
} 


@book{20,
title = {An Introduction to Statistical Learning}, 
author = {G. James and D. Witten and T. Hastie and R. Tibshirani},
year = {2021},
pages = {622},
language = "Английсикй",
publisher = {Springer},
} 


@book{21,
title = {Deep Learning (Adaptive Computation and Machine Learning series)}, 
author = {I. Goodfellow and Y. Bengio and A. Courville},
year = {2016},
pages = {800},
language = "Английсикй",
publisher = {The MIT Press},
} 

@book{22,
title = {Pattern Recognition and Machine Learning}, 
author = {C. Bishop},
year = {2006},
pages = {738},
language = "Английсикй",
publisher = {Springer},
} 

@book{23,
title = {Neural Networks for Applied Sciences and Engineering: From Fundamentals to Complex Pattern Recognition}, 
author = {S. Samarasinghe},
year = {2006},
pages = {570},
language = "Английсикй",
publisher = {Auerbach Publications},
} 

@book{24,
title = {Improving neural networks by preventing co-adaptation of feature detectors}, 
author = {G. Hinton and N. Srivastava and A. Krizhevsky and I. Sutskever},
year = {2012},
pages = {18},
language = "Английсикй",
publisher = {University of Toronto},
} 

@book{25,
title = {Deep Neural Networks are Easily Fooled: High Confidence Predictions for Unrecognizable Images}, 
author = {A. Nguyen and J. Yosinski},
year = {2015},
pages = {20},
language = "Английсикй",
publisher = {University of Wyoming},
} 

@book{26,
title = {Learning to Generate Chairs, Tables and Cars
with Convolutional Networks}, 
author = {A. Dosovitskiy and J. Tobias and  M. Tatarchenko and T. Brox},
year = {2017},
pages = {14},
language = "Английсикй",
publisher = {University of Freiburg},
} 

@book{27,
title = {Programming Collective Intelligence}, 
author = {T. Segaran},
year = {2011},
pages = {384},
language = "Английсикй",
publisher = {Shroff},
} 
