@Book{Boreskov2010,
  author    = {А.В. Боресков and А.А. Харламов},
  date      = {},
  title     = {Основы работы с технологией CUDA},
  edition   = {},
  pages     = {232},
  publisher = {<<ДМК Пресс>>},
  year      = {2010},
  hyphenation = {russian}
}


@book{CitekeyBook,
  author    = "Leonard Susskind and George Hrabovsky",
  title     = "Classical mechanics: the theoretical minimum",
  publisher = "Penguin Random House",
  address   = "New York, NY",
  year      = 2014,
  hyphenation = {english}
}

@article{CitekeyArticle,
  author   = "P. J. Cohen",
  title    = "The independence of the continuum hypothesis",
  journal  = "Proceedings of the National Academy of Sciences",
  year     = 1963,
  volume   = "50",
  number   = "6",
  pages    = "1143--1148",
  hyphenation = {english}
}

@book{1,
title = {Геоинформационные системы}, 
author = { Ю. С. Ананьев},
year = {2003},
pages = {70},
hyphenation = {russian},
publisher = {Томский политехнический университет},
address = "Томск",
} 

@book{2,
title = {Геоинформатика. Толковый словарь основных терминов.}, 
author = { Ю. Б. Баранов  and А. М. Берлянт  and Е. Г. Капралов },
year = {1999},
pages = {204},
hyphenation = {russian},
publisher = {ГИС-Ассоциация},
address = "Москва",
} 

@book{3,
title = {Картографический метод исследования.}, 
author = {А.М. Берлянт },
year = {1988},
pages = {288},
hyphenation = {russian},
publisher = {МГУ},
address = "Москва",
} 


@book{4,
title = {Геоинформационные справочные системы.}, 
author = {Л. С. Берштейн and Л. С. Беляков },
year = {2001},
pages = {159},
hyphenation = {russian},
publisher = {ТРТУ},
address = "Таганрог",
}


@book{5,
title = {Электронная навигация и картография. Под редакцией Козыря Л. А.}, 
author = {Н. И. Буров},
year = {1996},
pages = {26},
hyphenation = {russian},
publisher = {ОГМА},
address = "Одесса",
} 

@book{6,
title = {Геоинформатика}, 
author = {А. Д. Иванников and В. П. Кулагин and А.Н. Тихонов and В. Я. Цветков},
year = {2001},
pages = {349},
hyphenation = {russian},
publisher = {МАКС Пресс},
address = "Москва",
} 


@book{7,
title = {ГИС технологии, как инновационное средство развития географического образования в России.}, 
author = {В. Г. Капустин},
year = {2009},
pages = {73},
hyphenation = {russian},
publisher = {Педагогическое образование},
address = "Москва",
} 

@book{8,
title = { Методологические и технологические основы геоинформационного обеспечения территорий}, 
author = {А. П. Карпик},
year = {2004},
pages = {251},
hyphenation = {russian},
publisher = {СГГА},
address = "Москва",
} 

@book{9,
title = {Технология формирования баз данных состава и свойств почв}, 
author = {В. С. Крыщенко and О. М. Голозубов and  В.В. Колесов},
year = {2008},
pages = {145},
hyphenation = {russian},
publisher = {РСЭИ},
address = "Ростов-на-Дону",
} 

@book{10,
title = { Геоинформатика и геоинформационные системы}, 
author = {О. Л. Кузнецов and А. А. Никитин and Е. Н. Черемисина},
year = {2005},
pages = {453},
hyphenation = {russian},
publisher = {ВНИИгеосистем},
address = "Москва",
} 

@book{11,
title = {Сборник трудов Международной научно-практической конференции «Инновационные технологии в инженерной графике: проблемы и перспективы»}, 
author = {А. В. Петухова},
year = {2015},
pages = {235},
hyphenation = {russian},
publisher = {НГАСУ(Сибстрин)},
address = "Новосибирск",
} 

@book{12,
title = {Проектирование и составление карт. 2-е изд.}, 
author = {К. А. Салищев},
year = {1987},
pages = {280},
hyphenation = {russian},
publisher = {МГУ},
address = "Москва",
}


@book{13,
title = {Геоинформатика}, 
author = {В. С. Тикунов and А. В. Кошкарев},
year = {2005},
pages = {480},
hyphenation = {russian},
publisher = {«Академия»},
address = "Москва",
}

@book{14,
title = {Программное обеспечение и технологии геоинформационных систем}, 
author = {С. С. Замай and О. Э. Якубайлик},
year = {1998},
pages = {110},
hyphenation = {russian},
publisher = {Краснояр. гос. ун-т.},
address = "Красноярск",
}

@book{15,
title = { Геоинформационные системы}, 
author = {А. Черных  and Д. Ловцов},
year = {2012},
pages = {183},
hyphenation = {russian},
publisher = {РАП},
address = "Москва",
} 

@book{16,
title = { QGIS for Hydrological Applications: Recipes for Catchment Hydrology and Water Management }, 
author = {H. Van Der Kwast and K. Menke},
year = {2019},
pages = {168},
hyphenation = {english},
publisher = {Locate Press}
}


@book{17,
title = {A comparative study of DEM registration approaches}, 
author = {M. Ravanbakhsh and C.S. Fraser},
year = {2013},
pages = {89},
hyphenation = {english},
publisher = {Journal of Spatial Science}
}

@book{18,
title = {Building detection and description from a single intensity image}, 
author = {С. Lin},
year = {1998},
pages = {121},
hyphenation = {english},
publisher = {CVIU}
}

@book{19,
title = {Fundamentals of Geographic Information Systems. 3rd Edition}, 
author = {N. D. Michael},
year = {2008},
pages = {484},
hyphenation = {english},
publisher = {Wiley India Pvt.}
}

@book{20,
title = {The approach of extracting boundaries on image containing noise using rectangles}, 
author = {R. Fedorov},
year = {2008},
pages = {128-131},
hyphenation = {english},
publisher = {Nizhni Novgorod}
}

@book{21,
title = {An Introduction to Geographical Information Systems.}, 
author = {D. H. Ian},
year = {2006},
pages = {426},
hyphenation = {english},
publisher = {Pearson Prentice Hall}
}

@book{22,
title = {People and Pixels: Linking Remote Sensing and Social Science}, 
author = {D. Liverman},
year = {1998},
pages = {256},
hyphenation = {english},
publisher = {The National Academies Press}
}

@book{23,
title = {River Flow 2004}, 
author = {G. Massimo  and C. Armando  and D. M. Renata },
year = {2004},
pages = {1491},
hyphenation = {english},
publisher = {CRC Press},
address = "London",
} 

@book{24,
title = {Сплайн-поверхности. Основы теории и вычислительные алгоритмы}, 
author = { В. О. Ашкеназы},
year = {2003},
pages = {82},
hyphenation = {russian},
publisher = {Тверской государственный университет},
address = "Тверь",
} 

@book{25,
title = {Построение сплайнов с использованием библиотеки OpenGL}, 
author = { А. Г. Задорожный and Д. С. Киселев},
year = {2019},
pages = {88},
hyphenation = {russian},
publisher = {Новосибирский государственный технический университет},
address = "Новосибирск",
} 

@article{26,
  title={Возможность использования сплайн-поверхности для построения поверхностей по результатам съемок},
  author={Е. А. Нестеренко},
  journal={Записки Горного института},
  year={2013},
  volume={50},
  pages={127--133},
  hyphenation = {russian}
}

@book{27,
title = {Детерминистические методы пространственной интерполяции}, 
author = {В. В. Демьянов and Е. А. Савельева and С. Ю. Чернов},
year = {1999},
pages = {13},
hyphenation = {russian},
publisher = {ВИНИТИ},
address = "Москва",
} 