@book{devinfsystem,
    title = {Разработка и эксплуатация автоматизированных информационных систем}, 
    author = {Л.Г. Гагарина},
    year = {2021},
    pages = {384},
    language = "Русский",
    publisher = {Издательский Дом ФОРУМ},
    address = "Москва",
}

@book{methdoinfsystem,
    title = {Методы и средства проектирования информационных систем. Учебное пособие}, 
    author = {Н. Заботина},
    year = {2020},
    pages = {331},
    language = "Русский",
    publisher = {Инфра-М},
    address = "Москва",
}

@book{infsystem,
    title = {Модели и методы исследования информационных систем. Монография}, 
    author = {А.Д. Хомоненко and  А.Г. Басыров and В.А. Бубнов},
    year = {2019},
    pages = {204},
    language = "Русский",
    publisher = {Лань},
    address = "Санкт-Петербург",
}

@book{exploitinfsystem,
    title = {Разработка и эксплуатация автоматизированных информационных систем}, 
    author = {Д.Э. Фуфаев and  Э.В. Фуфаев},
    year = {2018},
    pages = {304},
    language = "Русский",
    publisher = {Academia},
    address = "Москва",
}

@book{highinfsystem,
    title = {Интеллектуальные информационные системы и технологии}, 
    author = {А. Остроух and А. Николаев},
    year = {2019},
    pages = {308},
    language = "Русский",
    publisher = {Лань},
    address = "Санкт-Петербург",
}


@book{designinfsystems,
    title = {Analysis and Design of Information Systems}, 
    author = {Langer, Arthur},
    year = {2007},
    pages = {432},
    language = "Английский",
    publisher = {Springer-Verlag},
    address = "London",
}

@inproceedings{mvcpattern, 
    title={Pre and Post Controller based MVC Architecture for Web Application},
    author={Khaliluzzaman Md and  Chowdhury I. Islam},
    year={2016},
    pages={10--14},
    booktitle = "Proceedings of the 5th International Conference on Informatics, Electronics & Vision (ICIEV 2016)",
    address = "Bangladesh",
}

@article{spa,
  title={Increasing Web-Design Effectiveness Based on Backendless Architecture},
  author={Lytvyn, V. and Vysotska, V. and Hamon, T. and Grabar, N. and Sharonova, N. and Cherednichenko, O. and Kanishcheva, O.},
  year={2020},
  pages={2--7}
}

@article{jwt,
  title={A JSON Token-Based Authentication and Access Management Schema for Cloud SaaS Applications},
  author={Younas, M. and Aleksy M. and Bentahar, J.},
  year={2017},
  pages={47--53}
}

@article{vuejsrouter,
    author = {Gavrila, Veronica and Bajenaru, Lidia and Dobre, Ciprian},
    year = {2019},
    pages = {231--238},
    title = {Modern Single Page Application Architecture: A Case Study},
    volume = {28},
    journal = {Studies in Informatics and Control},
}

@inproceedings{microservice,
    author = {Pahl, Claus and Jamshidi, Pooyan},
    year = {2016},
    pages = {137--146},
    title = {Microservices: A Systematic Mapping Study},
    booktitle = "Proceedings of the 6th International Conference on Cloud Computing and Services Science",
    publisher = {SCITEPRESS - Science and Technology Publications},
    address = "Portugal",
}

@article{monolith,
    author = {Mendonça, Nabor and Box, Craig and Manolache, Costin and Ryan, Louis},
    year = {2021},
    pages = {17-22},
    title = {The Monolith Strikes Back: Why Istio Migrated From Microservices to a Monolithic Architecture},
    journal = {IEEE Software},
}

@article{vuex,
    author = {Li, Nian and Zhang, Bo},
    year = {2021},
    title = {The Research on Single Page Application Front-end development Based on Vue},
    volume = {1883},
    journal = {Journal of Physics: Conference Series},
}

@Book{gost34,
  date = {2009},
  title = {ГОСТ 34.602-89. Информационная технология. Комплекс стандартов на автоматизированные системы. Техническое задание на создание автоматизированной системы},
  pages = {12},
  publisher = {Издательство стандартов},
}

@Book{priemspo,
  date  = {2021},
  author = {А.В. Фетисова},
  title = {Правила приема в ФГАОУ ВО ВолГУ на программы СПО в 2021 г.},
  pages = {12},
}

@Book{priembachelor,
     date  = {2021},
     author = {А.В. Фетисова},
     title = {Правила приема в ФГАОУ ВО «Волгоградский государственный университет» в 2021 году},
     pages = {57},
}

@inbook{webapacrch,
    author = {Deinum, Marten and Cosmina, Iuliana},
    year = {2021},
    pages = {55-72},
    title = {Web Application Architecture},
    booktitle = "Pro spring MVC: With web flow",
    publisher = {Apress},
    address = "New York",
}

@inbook{vuelayout,
    author = {Nelson, Brett},
    year = {2018},
    pages = {69-84},
    title = {Events: Learn to Build Single Page Applications in Vue from Scratch},
    booktitle = "Getting to Know Vue.js: Learn to Build Single Page Applications in Vue from Scratch",
    publisher = {Apress},
    address = "New York",
}

@inbook{vuemainjs,
    author = {Nelson, Brett},
    year = {2018},
    pages = {29-55},
    title = {Conditional Rendering: Learn to Build Single Page Applications in Vue from Scratch},
    booktitle = "Getting to Know Vue.js: Learn to Build Single Page Applications in Vue from Scratch",
    publisher = {Apress},
    address = "New York",
}

@inbook{algoritm,
    author = {Valentine, Thomas},
    year = {2021},
    pages = {65-118},
    title = {Practical JavaScript Concepts and Projects},
    booktitle = "Database-Driven Web Development",
     publisher = {Apress},
    address = "New York",
}